<?xml version="1.0" encoding="UTF-8"?><collection xmlns="http://www.loc.gov/MARC21/slim"><record><leader>00451nam--2200157-i-4500</leader><controlfield tag="001">000047801</controlfield><controlfield tag="002">20161230</controlfield><controlfield tag="005">20161230201046</controlfield><controlfield tag="008">060222s1000------------r-----000-0-eng-d</controlfield><datafield ind1=" " ind2=" " tag="080"><subfield code="a">530.1:539.12</subfield></datafield><datafield ind1="1" ind2=" " tag="100"><subfield code="a">York, M.J</subfield></datafield><datafield ind1="1" ind2="0" tag="245"><subfield code="a">The n (3/2-)(1520) resonance in pi n - pi delta and duality</subfield><subfield code="c">M.j. york</subfield></datafield><datafield ind1=" " ind2=" " tag="260"><subfield code="a">Birmingham</subfield><subfield code="b">University Of Birmingham</subfield><subfield code="c">/F.An</subfield></datafield><datafield ind1=" " ind2=" " tag="300"><subfield code="a">7P.+2FIG.+2TABL</subfield></datafield><datafield ind1=" " ind2=" " tag="852"><subfield code="a">38359</subfield><subfield code="c">539.12</subfield></datafield><datafield ind1=" " ind2=" " tag="CAT"><subfield code="a">Sys</subfield><subfield code="c">20111123</subfield><subfield code="h">105429</subfield></datafield></record></collection>